<record><leader>00000cas a2200000 a 4500</leader><controlfield tag="001">31176946</controlfield><controlfield tag="007">hd bfu---baat</controlfield><controlfield tag="007">hd afu---bact</controlfield><controlfield tag="008">940926d18991974nbuwr nea     0    0eng c</controlfield><datafield ind1=" " ind2=" " tag="010"><subfield code="a">sn 94056358 </subfield></datafield><datafield ind1=" " ind2=" " tag="040"><subfield code="a">NVG</subfield><subfield code="b">eng</subfield><subfield code="c">NVG</subfield><subfield code="d">OCLCQ</subfield><subfield code="d">OCLCF</subfield><subfield code="d">OCLCO</subfield><subfield code="d">OCLCQ</subfield></datafield><datafield ind1=" " ind2=" " tag="042"><subfield code="a">pcc</subfield></datafield><datafield ind1=" " ind2=" " tag="043"><subfield code="a">n-us-nb</subfield></datafield><datafield ind1="0" ind2="0" tag="245"><subfield code="a">Cuming County Democrat.</subfield></datafield><datafield ind1=" " ind2=" " tag="260"><subfield code="a">West Point, Neb. :</subfield><subfield code="b">Thiele &amp; Miller,</subfield><subfield code="c">-1974.</subfield></datafield><datafield ind1=" " ind2=" " tag="300"><subfield code="a">volumes</subfield></datafield><datafield ind1=" " ind2=" " tag="310"><subfield code="a">Weekly</subfield></datafield><datafield ind1=" " ind2=" " tag="336"><subfield code="a">text</subfield><subfield code="b">txt</subfield><subfield code="2">rdacontent</subfield></datafield><datafield ind1=" " ind2=" " tag="337"><subfield code="a">microform</subfield><subfield code="b">h</subfield><subfield code="2">rdamedia</subfield></datafield><datafield ind1=" " ind2=" " tag="338"><subfield code="a">microfilm reel</subfield><subfield code="b">hd</subfield><subfield code="2">rdacarrier</subfield></datafield><datafield ind1="0" ind2=" " tag="362"><subfield code="a">Vol. 23, no. 30 (Feb. 10, 1899)-v. 99, no. 31 (Dec. 26, 1974).</subfield></datafield><datafield ind1=" " ind2=" " tag="580"><subfield code="a">"Twin weekly newspaper" of West Point Republican (West Point, Neb. : 1917), Mar. 1, 1973-Dec. 26, 1974.</subfield></datafield><datafield ind1=" " ind2=" " tag="580"><subfield code="a">Merged with: West Point Republican (West Point, Neb. : 1917), to form: West Point newspapers.</subfield></datafield><datafield ind1=" " ind2=" " tag="588"><subfield code="a">Description based on: Vol. 26, no. 43 (June 13, 1902).</subfield></datafield><datafield ind1=" " ind2=" " tag="533"><subfield code="a">Microfilm.</subfield><subfield code="m">June 13,1902-Dec. 26,1974:[Gaps]</subfield><subfield code="b">Lincoln, Neb. :</subfield><subfield code="c">Nebraska State Historical Society,</subfield><subfield code="d">-1975.</subfield><subfield code="e">30 microfilm reels ; 35 mm.</subfield></datafield><datafield ind1=" " ind2="0" tag="651"><subfield code="a">Cuming County (Neb.)</subfield><subfield code="v">Newspapers.</subfield></datafield><datafield ind1=" " ind2="7" tag="651"><subfield code="a">Nebraska</subfield><subfield code="z">Cuming County.</subfield><subfield code="2">fast</subfield><subfield code="0">(OCoLC)fst01224243</subfield></datafield><datafield ind1=" " ind2="7" tag="655"><subfield code="a">Newspapers.</subfield><subfield code="2">fast</subfield><subfield code="0">(OCoLC)fst01423814</subfield></datafield><datafield ind1=" " ind2=" " tag="752"><subfield code="a">United States</subfield><subfield code="b">Nebraska</subfield><subfield code="c">Cuming</subfield><subfield code="d">West Point.</subfield></datafield><datafield ind1="0" ind2="0" tag="780"><subfield code="t">West Point progress</subfield><subfield code="w">(DLC)   99067001</subfield><subfield code="w">(OCoLC)41410629</subfield></datafield><datafield ind1="0" ind2="6" tag="780"><subfield code="t">Bancroft bugle</subfield><subfield code="w">(DLC)sn 94056355</subfield></datafield><datafield ind1="1" ind2="7" tag="785"><subfield code="t">West Point Republican (West Point, Neb. : 1917)</subfield><subfield code="w">(DLC)sn 94056350</subfield></datafield><datafield ind1="1" ind2="7" tag="785"><subfield code="t">West Point newspapers</subfield><subfield code="w">(DLC)sn 94056352</subfield></datafield><datafield ind1="1" ind2=" " tag="787"><subfield code="t">West Point Republican (West Point, Neb. : 1917)</subfield><subfield code="w">(DLC)sn 94056350</subfield></datafield><datafield ind1="1" ind2=" " tag="029"><subfield code="a">AU@</subfield><subfield code="b">000011305709</subfield></datafield></record>